@misc{salamon:Few-Shot,

  author={Wang, Yu and Salamon, Justin and Bryan, Nicholas J. and Pablo Bello, Juan},

  title={Few-Shot Sound Event Detection}, 
}
@misc{snell:prototypical,
      title={Prototypical Networks for Few-shot Learning}, 
      author={Jake Snell and Kevin Swersky and Richard S. Zemel},
}

@misc{minining_spoken_wikipedia,
  author = {Arne K{\"o}hn and Florian Stegen and Timo Baumann},
  title = {Mining the Spoken Wikipedia for Speech Data and Beyond},
 }
 
 

@misc{sung:relation,
  author    = {Flood Sung and
               Yongxin Yang and
               Li Zhang and
               Tao Xiang and
               Philip H. S. Torr and
               Timothy M. Hospedales},
  title     = {Learning to Compare: Relation Network for Few-Shot Learning},
}

@misc{vinyals:matching,
  author    = {Oriol Vinyals and
               Charles Blundell and
               Timothy P. Lillicrap and
               Koray Kavukcuoglu and
               Daan Wierstra},
  title     = {Matching Networks for One Shot Learning},
}

@misc{koch:siamese,
  author = {Koch, Gregory and Zemel, Richard and Salakhutdinov, Ruslan},
  title = {Siamese Neural Networks for One-shot Image Recognition},
}

@misc{chou:learning_to_match,
  author    = {Szu{-}Yu Chou and
               Kai{-}Hsiang Cheng and
               Jyh{-}Shing Roger Jang and
               Yi{-}Hsuan Yang},
  title     = {Learning to match transient sound events using attentional similarity
               for few-shot sound recognition},
}

@misc{zhang:few_shot,
  author={Shilei Zhang and Yong Qin and Kewei Sun and Yonghua Lin},
  title={{Few-Shot Audio Classification with Attentional Graph Neural Networks}},
}