@book{Salamon:Few-Shot,

  author={Wang, Yu and Salamon, Justin and Bryan, Nicholas J. and Pablo Bello, Juan},

  booktitle={ICASSP 2020 - 2020 IEEE International Conference on Acoustics, Speech and Signal Processing (ICASSP)}, 

  title={Few-Shot Sound Event Detection}, 

  year={2020},

  volume={},

  number={},

  pages={81-85},

  doi={10.1109/ICASSP40776.2020.9054708},
}
@misc{snell:prototypical,
      title={Prototypical Networks for Few-shot Learning}, 
      author={Jake Snell and Kevin Swersky and Richard S. Zemel},
      year={2017},
      eprint={1703.05175},
      archivePrefix={arXiv},
      primaryClass={cs.LG},
}

@InProceedings{minining_spoken_wikipedia,
  author = {Arne K{\"o}hn and Florian Stegen and Timo Baumann},
  title = {Mining the Spoken Wikipedia for Speech Data and Beyond},
  booktitle = {Proceedings of the Tenth International Conference on Language Resources and Evaluation (LREC 2016)},
  eventdate = {2016-05-23/2016-05-28},
  location = {Portoro≈æ, Slovenia},
  editor = {Nicoletta Calzolari (Conference Chair) and Khalid Choukri and Thierry Declerck and Marko Grobelnik and Bente Maegaard and Joseph Mariani and Asuncion Moreno and Jan Odijk and Stelios Piperidis},
  publisher = {European Language Resources Association (ELRA)},
  address = {Paris, France},
  isbn = {978-2-9517408-9-1},
  islrn = {684-927-624-257-3/},
  language = {english},
 }
